<?xml version="1.0" encoding="UTF-8"?><collection xmlns="http://www.loc.gov/MARC21/slim"><record><leader>00403nam--2200145-i-4500</leader><controlfield tag="001">000028006</controlfield><controlfield tag="002">20161230</controlfield><controlfield tag="005">20161230201037</controlfield><controlfield tag="008">060222s1000------------r-----000-0-eng-d</controlfield><datafield ind1=" " ind2=" " tag="080"><subfield code="a">517.9(042)</subfield></datafield><datafield ind1=" " ind2=" " tag="100"><subfield code="a">Lavrentiev-romanov-vasiliev</subfield></datafield><datafield ind1=" " ind2=" " tag="245"><subfield code="a">Multidimensional invers problems for differential equatiions</subfield></datafield><datafield ind1=" " ind2=" " tag="260"><subfield code="a">Berlin, Springer-verlag, 1970. 59p</subfield></datafield><datafield ind1=" " ind2=" " tag="490"><subfield code="a">Lect.Notes In Math</subfield></datafield><datafield ind1=" " ind2=" " tag="852"><subfield code="a">167</subfield></datafield></record></collection>